<record><leader>00000cas a22000007a 4500</leader><controlfield tag="001">15862791</controlfield><controlfield tag="008">870608d19131913inudn ne      0    0eng d</controlfield><controlfield tag="009">5452</controlfield><datafield ind1=" " ind2=" " tag="010"><subfield code="a">sn 87056042 </subfield></datafield><datafield ind1=" " ind2=" " tag="040"><subfield code="a">NPI</subfield><subfield code="b">eng</subfield><subfield code="c">NPI</subfield><subfield code="d">OCL</subfield></datafield><datafield ind1=" " ind2=" " tag="042"><subfield code="a">msc</subfield></datafield><datafield ind1="0" ind2="4" tag="245"><subfield code="a">The Daily Pharos-reporter.</subfield></datafield><datafield ind1="0" ind2="0" tag="246"><subfield code="a">Daily Pharos reporter</subfield></datafield><datafield ind1=" " ind2=" " tag="260"><subfield code="a">Logansport, Ind. :</subfield><subfield code="b">Pharos-Reporter Co.,</subfield><subfield code="c">1913.</subfield></datafield><datafield ind1=" " ind2=" " tag="310"><subfield code="a">Daily (except Sun.)</subfield></datafield><datafield ind1="0" ind2=" " tag="362"><subfield code="a">May 5, 1913-May 17, 1913.</subfield></datafield><datafield ind1=" " ind2=" " tag="580"><subfield code="a">Issued also in weekly ed. called: Weekly Pharos-reporter.</subfield></datafield><datafield ind1=" " ind2=" " tag="752"><subfield code="a">United States</subfield><subfield code="b">Indiana</subfield><subfield code="c">Cass</subfield><subfield code="d">Logansport.</subfield></datafield><datafield ind1="1" ind2=" " tag="775"><subfield code="t">Weekly Pharos-reporter</subfield><subfield code="w">(DLC)sn 87056046</subfield></datafield><datafield ind1="0" ind2="4" tag="780"><subfield code="t">Logansport Pharos (Logansport, Ind. : Daily)</subfield><subfield code="w">(DLC)sn 87056030</subfield><subfield code="w">(OCoLC)15862044</subfield></datafield><datafield ind1="0" ind2="4" tag="780"><subfield code="t">Daily reporter</subfield><subfield code="w">(DLC)sn 87056035</subfield></datafield><datafield ind1="0" ind2="7" tag="785"><subfield code="t">Weekly Pharos reporter</subfield><subfield code="w">(DLC)sn 87056046</subfield></datafield><datafield ind1="0" ind2="7" tag="785"><subfield code="t">Logansport Pharos-reporter</subfield><subfield code="w">(DLC)sn 87056048</subfield></datafield></record>